@inproceedings{wang2016product,
  title={Product Grassmann Manifold Representation and Its LRR Models.},
  author={Wang, Boyue and Hu, Yongli and Gao, Junbin and Sun, Yanfeng and Yin, Baocai},
  booktitle={AAAI},
  pages={2122--2129},
  year={2016}
}

@inproceedings{ye2016instance,
  title={Instance Specific Metric Subspace Learning: A Bayesian Approach.},
  author={Ye, Han-Jia and Zhan, De-Chuan and Jiang, Yuan},
  booktitle={AAAI},
  pages={2272--2278},
  year={2016}
}

